<?xml version="1.0" encoding="UTF-8"?><collection xmlns="http://www.loc.gov/MARC21/slim"><record><leader>00428nam--2200133-i-4500</leader><controlfield tag="001">000011036</controlfield><controlfield tag="002">20161230</controlfield><controlfield tag="005">20161230201029</controlfield><controlfield tag="008">060222s1000------------r-----000-0-eng-d</controlfield><datafield ind1=" " ind2=" " tag="080"><subfield code="a">616.8(043)</subfield></datafield><datafield ind1=" " ind2=" " tag="100"><subfield code="a">Caillard,Jean-paul</subfield></datafield><datafield ind1=" " ind2=" " tag="245"><subfield code="a">Les mouvements anormaux observes au cours du traitement des syndromes porkinsonienes par la levodopa.these</subfield></datafield><datafield ind1=" " ind2=" " tag="260"><subfield code="a">Paris,Faculte De Medicine,Pitie-salpetriere, 1973. 64 P</subfield></datafield><datafield ind1=" " ind2=" " tag="852"><subfield code="a">40727</subfield></datafield></record></collection>